@misc{TicTacToe,
	author 	= {https://deblogsyjuegos.wordpress.com},
	title 	= {Tic-Tac-Toe},
	month 	= {Noviembre},
	year 	= {2015},
	howpublished = {[Online] \url{https://deblogsyjuegos.wordpress.com/2015/11/15/tic-tac-toe/comment-page-1/}}
}
